@article{baskauf,
  title={Darwin-SW: Darwin Core-based terms for expressing biodiversity data as RDF},
  author={Baskauf, Steven J and Webb, Campbell O},
  journal={network},
  volume={13},
  year={2014}
}

@article{yu2004,
  title={Issues in designing middleware for wireless sensor networks},
  author={Yu, Yang and Krishnamachari, Bhaskar and Prasanna, Viktor K},
  journal={Network, IEEE},
  volume={18},
  number={1},
  pages={15--21},
  year={2004},
  publisher={IEEE}
}

@Article{	  garcia-sanchez2010b,
  title={Wireless sensor network deployment for monitoring wildlife passages},
  author={Garcia-Sanchez, Antonio-Javier and Garcia-Sanchez, Felipe and Losilla, Fernando and Kulakowski, Pawel and Garcia-Haro, Joan and Rodr{\'\i}guez, Alejandro and L{\'o}pez-Bao, Jos{\'e}-Vicente and Palomares, Francisco},
  journal={Sensors},
  volume={10},
  number={8},
  pages={7236--7262},
  year={2010},
  publisher={Molecular Diversity Preservation International}
}

@inproceedings{pizzocaro,
  title={A distributed architecture for heterogeneous multi sensor-task allocation},
  author={Pizzocaro, Diego and Preece, Alun and Chen, Fangfei and Porta, Thomas La and Bar-Noy, Amotz},
  booktitle={Distributed Computing in Sensor Systems and Workshops (DCOSS), 2011 International Conference on},
  pages={1--8},
  year={2011},
  organization={IEEE}
}

@article{choi2010,
  title={A semantic web ontology for small molecules and their biological targets},
  author={Choi, JooYoung and Davis, Melissa J and Newman, Andrew F and Ragan, Mark A},
  journal={Journal of chemical information and modeling},
  volume={50},
  number={5},
  pages={732--741},
  year={2010},
  publisher={ACS Publications}
}

@inproceedings{bayat2012,
  title={Development of a Wireless Sensor Node for Environmental Monitoring},
  author={Bayat, Daryoush and Habibi, Daryoush and Ahmad, Iftikhar},
  booktitle={SENSORCOMM 2012, The Sixth International Conference on Sensor Technologies and Applications},
  pages={1--5},
  year={2012}
}

@Misc{      instruments2012pandaboard,
  author  = {Texas Instruments},
  title   = {{Pandaboard}},
  url   = {http://pandaboard.org/}
}

@inproceedings{zivkovic2004,
  title={Improved adaptive Gaussian mixture model for background subtraction},
  author={Zivkovic, Zoran},
  booktitle={Pattern Recognition, 2004. ICPR 2004. Proceedings of the 17th International Conference on},
  volume={2},
  pages={28--31},
  year={2004},
  organization={IEEE}
}

@inproceedings{tengg2007,
  title={I-SENSE: A light-weight middleware for embedded multi-sensor data-fusion},
  author={Tengg, Allan and Klausner, Andreas and Rinner, Bernhard},
  booktitle={Intelligent Solutions in Embedded Systems, 2007 Fifth Workshop on},
  pages={165--177},
  year={2007},
  organization={IEEE}
}

@Misc{		  reconyx,
  author	= {Reconyx},
  title		= {{HC500 HyperFire Semi-Covert IR}},
  url		= {http://www.reconyx.com/shop/HC500\_HyperFire\_Semi-Covert\_IR/d/221/61}
		  ,
  urldate	= {19th November 2013}
}

@inproceedings{mainwaring2002,
  title={Wireless sensor networks for habitat monitoring},
  author={Mainwaring, Alan and Culler, David and Polastre, Joseph and Szewczyk, Robert and Anderson, John},
  booktitle={Proceedings of the 1st ACM international workshop on Wireless sensor networks and applications},
  pages={88--97},
  year={2002},
  organization={ACM}
}

@InProceedings{	  f2006,
  title={A middleware for fast and flexible sensor network deployment},
  author={Aberer, Karl and Hauswirth, Manfred and Salehi, Ali},
  booktitle={Proceedings of the 32nd international conference on Very large data bases},
  pages={1199--1202},
  year={2006},
  organization={VLDB Endowment}
}

@inproceedings{sadagopan,
  title={The ACQUIRE mechanism for efficient querying in sensor networks},
  author={Sadagopan, Narayanan and Krishnamachari, Bhaskar and Helmy, Ahmed},
  booktitle={Sensor Network Protocols and Applications, 2003. Proceedings of the First IEEE. 2003 IEEE International Workshop on},
  pages={149--155},
  year={2003},
  organization={IEEE}
}

@inproceedings{szewczyk2004b,
  title={An analysis of a large scale habitat monitoring application},
  author={Szewczyk, Robert and Mainwaring, Alan and Polastre, Joseph and Anderson, John and Culler, David},
  booktitle={Proceedings of the 2nd international conference on Embedded networked sensor systems},
  pages={214--226},
  year={2004},
  organization={ACM}
}

@incollection{zennaro,
  title={Planning and deploying long distance wireless sensor networks: The integration of simulation and experimentation},
  author={Zennaro, Marco and Bagula, Antoine and Gascon, David and Noveleta, Alberto Bielsa},
  booktitle={Ad-Hoc, Mobile and Wireless Networks},
  pages={191--204},
  year={2010},
  publisher={Springer}
}

@article{segal2010a,
  title={Improving lifetime of wireless sensor networks},
  author={Segal, Michael},
  journal={Network Protocols and Algorithms},
  volume={1},
  number={2},
  pages={48--60},
  year={2010}
}

@article{madin2007b,
  title={An ontology for describing and synthesizing ecological observation data},
  author={Madin, Joshua and Bowers, Shawn and Schildhauer, Mark and Krivov, Sergeui and Pennington, Deana and Villa, Ferdinando},
  journal={Ecological informatics},
  volume={2},
  number={3},
  pages={279--296},
  year={2007},
  publisher={Elsevier}
}

@article{wieczorek2012b,
  title={Darwin Core: An evolving community-developed biodiversity data standard},
  author={Wieczorek, John and Bloom, David and Guralnick, Robert and Blum, Stan and D{\"o}ring, Markus and Giovanni, Renato and Robertson, Tim and Vieglais, David},
  journal={PLoS One},
  volume={7},
  number={1},
  pages={e29715},
  year={2012},
  publisher={Public Library of Science}
}

@incollection{szewczyk2004c,
  title={Lessons from a sensor network expedition},
  author={Szewczyk, Robert and Polastre, Joseph and Mainwaring, Alan and Culler, David},
  booktitle={Wireless Sensor Networks},
  pages={307--322},
  year={2004},
  publisher={Springer}
}

@article{heinzelman2004,
  title={Middleware to support sensor network applications},
  author={Heinzelman, Wendi B and Murphy, Amy L and Carvalho, Hervaldo S and Perillo, Mark A},
  journal={Network, IEEE},
  volume={18},
  number={1},
  pages={6--14},
  year={2004},
  publisher={IEEE}
}

@article{gwilliams2012local,
  title={Local and Global Knowledge to Improve the Quality of Sensed Data},
  author={Gwilliams, Chris and Preece, Alun and Hardisty, Alex and Goossens, Benoit and Ambu, Laurentius N},
  journal={International Journal of Digital Information and Wireless Communications (IJDIWC)},
  volume={2},
  number={2},
  pages={164--180},
  year={2012},
  publisher={SDIWC}
}

@article{moreau2008,
  title={The open provenance model core specification (v1. 1)},
  author={Moreau, Luc and Clifford, Ben and Freire, Juliana and Futrelle, Joe and Gil, Yolanda and Groth, Paul and Kwasnikowska, Natalia and Miles, Simon and Missier, Paolo and Myers, Jim and others},
  journal={Future Generation Computer Systems},
  volume={27},
  number={6},
  pages={743--756},
  year={2011},
  publisher={Elsevier}
}

@Misc{		  dweet,
  title		= {{Dweet.io}},
  url		= {http://dweet.io/},
  urldate	= {28th August 2014}
}

@article{gruninger1995,
  title={Methodology for the Design and Evaluation of Ontologies},
  author={Gr{\"u}ninger, Michael and Fox, Mark S},
  year={1995},
  publisher={Citeseer}
}

@article{fernandez-lopez1999,
  title={Overview of methodologies for building ontologies},
  author={Fern{\'a}ndez-L{\'o}pez, Mariano},
  year={1999},
  publisher={CEUR Publications (1999)}
}

@article{swan2012,
  title={Sensor mania! the internet of things, wearable computing, objective metrics, and the quantified self 2.0},
  author={Swan, Melanie},
  journal={Journal of Sensor and Actuator Networks},
  volume={1},
  number={3},
  pages={217--253},
  year={2012}
}

@inproceedings{terfloth2006,
  title={FACTS-A rule-based middleware architecture for wireless sensor networks.},
  author={Terfloth, Kirsten and Wittenburg, Georg and Schiller, Jochen H},
  booktitle={Comsware},
  year={2006}
}

@Misc{		  buckeye,
  author	= {Buckeye},
  title		= {{Buckeye Camera}},
  url		= {http://www.buckeyecam.com/site/products.html},
  urldate	= {20/4/2014}
}

@article{brewster2004,
  title={Data driven ontology evaluation},
  author={Brewster, Christopher and Alani, Harith and Dasmahapatra, Srinandan and Wilks, Yorick},
  year={2004}
}

@article{chen2002,
  title={Span: An energy-efficient coordination algorithm for topology maintenance in ad hoc wireless networks},
  author={Chen, Benjie and Jamieson, Kyle and Balakrishnan, Hari and Morris, Robert},
  journal={Wireless networks},
  volume={8},
  number={5},
  pages={481--494},
  year={2002},
  publisher={Springer}
}

@article{corke2010a,
  title={Environmental wireless sensor networks},
  author={Corke, Peter and Wark, Tim and Jurdak, Raja and Hu, Wen and Valencia, Philip and Moore, Darren},
  journal={Proceedings of the IEEE},
  volume={98},
  number={11},
  pages={1903--1917},
  year={2010},
  publisher={IEEE}
}

@article{noy2000a,
  title={Creating semantic web contents with protege-2000},
  author={Noy, Natalya F and Sintek, Michael and Decker, Stefan and Crub{\'e}zy, Monica and Fergerson, Ray W and Musen, Mark A},
  journal={IEEE intelligent systems},
  volume={16},
  number={2},
  pages={60--71},
  year={2001},
  publisher={IEEE Computer Society}
}

@inproceedings{markham2010,
  title={Effect of rainfall on link quality in an outdoor forest deployment},
  author={Markham, Andrew and Trigoni, Niki and Ellwood, Stephen},
  booktitle={Wireless Information Networks and Systems (WINSYS), Proceedings of the 2010 International Conference on},
  pages={1--6},
  year={2010},
  organization={IEEE}
}

@inproceedings{gupta2003,
  title={Performance evaluation of load-balanced clustering of wireless sensor networks},
  author={Gupta, Gaurav and Younis, Mohamed},
  booktitle={Telecommunications, 2003. ICT 2003. 10th international conference on},
  volume={2},
  pages={1577--1583},
  year={2003},
  organization={IEEE}
}

@article{gomez2012overview,
  title={Overview and evaluation of bluetooth low energy: An emerging low-power wireless technology},
  author={Gomez, Carles and Oller, Joaquim and Paradells, Josep},
  journal={Sensors},
  volume={12},
  number={9},
  pages={11734--11753},
  year={2012},
  publisher={Molecular Diversity Preservation International}
}
@inproceedings{heinzelman1999,
  title={Adaptive protocols for information dissemination in wireless sensor networks},
  author={Heinzelman, Wendi Rabiner and Kulik, Joanna and Balakrishnan, Hari},
  booktitle={Proceedings of the 5th annual ACM/IEEE international conference on Mobile computing and networking},
  pages={174--185},
  year={1999},
  organization={ACM}
}

@Article{	  wieczorek2012a,
  title={Darwin Core: An evolving community-developed biodiversity data standard},
  author={Wieczorek, John and Bloom, David and Guralnick, Robert and Blum, Stan and D{\"o}ring, Markus and Giovanni, Renato and Robertson, Tim and Vieglais, David},
  journal={PLoS One},
  volume={7},
  number={1},
  pages={e29715},
  year={2012},
  publisher={Public Library of Science}
}

@Misc{		  mccanne1997network,
  author	= {McCanne, Steven and Floyd, Sally and Fall, Kevin and
		  Varadhan, Kannan and Others},
  title		= {{Network simulator ns-2}},
  year		= {1997}
}

@article{ahumada2011a,
  title={Community structure and diversity of tropical forest mammals: data from a global camera trap network},
  author={Ahumada, Jorge A and Silva, Carlos EF and Gajapersad, Krisna and Hallam, Chris and Hurtado, Johanna and Martin, Emanuel and McWilliam, Alex and Mugerwa, Badru and O'Brien, Tim and Rovero, Francesco and others},
  journal={Philosophical Transactions of the Royal Society B: Biological Sciences},
  volume={366},
  number={1578},
  pages={2703--2711},
  year={2011},
  publisher={The Royal Society}
}

@inproceedings{gwilliams2012poster,
  title={Poster: using local and global knowledge in wireless sensor networks},
  author={Gwilliams, Christopher and Preece, Alun D and Hardisty, Alex R},
  booktitle={Proceedings of the 10th international conference on Mobile systems, applications, and services},
  pages={515--516},
  year={2012},
  organization={ACM}
}

@inproceedings{woodrow2002,
  title={SPIN-IT: a data centric routing protocol for image retrieval in wireless networks},
  author={Woodrow, Edward and Heinzelman, Wendi},
  booktitle={Image Processing. 2002. Proceedings. 2002 International Conference on},
  volume={3},
  pages={913--916},
  year={2002},
  organization={IEEE}
}

@inproceedings{	  sarajevo2014,
  title={Raspberry Pi as a Wireless Sensor node: Performances and constraints},
  author={Vujovic, Vladimir and Maksimovic, Mirjana},
  booktitle={Information and Communication Technology, Electronics and Microelectronics (MIPRO), 2014 37th International Convention on},
  pages={1013--1018},
  year={2014},
  organization={IEEE}
}

@techreport{yu2001,
  title={Geographical and energy aware routing: A recursive data dissemination protocol for wireless sensor networks},
  author={Yu, Yan and Govindan, Ramesh and Estrin, Deborah},
  year={2001},
  institution={Technical report ucla/csd-tr-01-0023, UCLA Computer Science Department}
}
@Article{	  goossens2012,
   title={Sabah Wildlife Department and 10 years of research: Towards a better conservation of Sabah's wildlife},
  author={Ambu, Laurentius Nayan and Goossens, Benoit},
  journal={Journal of Oil Palm, Environment and Health (JOPEH)},
  volume={3},
  year={2012}
}

@inproceedings{hempstead2005,
  title={An ultra low power system architecture for sensor network applications},
  author={Hempstead, Mark and Tripathi, Nikhil and Mauro, Patrick and Wei, Gu-Yeon and Brooks, David},
  booktitle={ACM SIGARCH Computer Architecture News},
  volume={33},
  number={2},
  pages={208--219},
  year={2005},
  organization={IEEE Computer Society}
}

@inproceedings{lee2007,
  title={A comparative study of wireless protocols: Bluetooth, UWB, ZigBee, and Wi-Fi},
  author={Lee, Jin-Shyan and Su, Yu-Wei and Shen, Chung-Chou},
  booktitle={Industrial Electronics Society, 2007. IECON 2007. 33rd Annual Conference of the IEEE},
  pages={46--51},
  year={2007},
  organization={IEEE}
}

@inproceedings{kays2009,
  title={Camera traps as sensor networks for monitoring animal communities},
  author={Kays, Roland and Kranstauber, Bart and Jansen, Patrick and Carbone, Chris and Rowcliffe, Marcus and Fountain, Tony and Tilak, Sameer},
  booktitle={Local Computer Networks, 2009. LCN 2009. IEEE 34th Conference on},
  pages={811--818},
  year={2009},
  organization={IEEE}
}
@incollection{	  levis2005,
  title={TinyOS: An operating system for sensor networks},
  author={Levis, Philip and Madden, Sam and Polastre, Joseph and Szewczyk, Robert and Whitehouse, Kamin and Woo, Alec and Gay, David and Hill, Jason and Welsh, Matt and Brewer, Eric and others},
  booktitle={Ambient intelligence},
  pages={115--148},
  year={2005},
  publisher={Springer}
}

@Misc{		  nest,
  title		= {{Nest}},
  url		= {https://nest.com/uk/},
  urldate	= {20th April 2014}
}

@inproceedings{schurgers,
  title={Energy efficient routing in wireless sensor networks},
  author={Schurgers, Curt and Srivastava, Mani B},
  booktitle={Military Communications Conference, 2001. MILCOM 2001. Communications for Network-Centric Operations: Creating the Information Force. IEEE},
  volume={1},
  pages={357--361},
  year={2001},
  organization={IEEE}
}

@inproceedings{compton2009,
  title={A Survey of the Semantic Specification of Sensors.},
  author={Compton, Michael and Henson, Cory A and Neuhaus, Holger and Lefort, Laurent and Sheth, Amit P},
  booktitle={SSN},
  pages={17--32},
  year={2009}
}

@article{akyildiz2002,
  title={Wireless sensor networks: a survey},
  author={Akyildiz, Ian F and Su, Weilian and Sankarasubramaniam, Yogesh and Cayirci, Erdal},
  journal={Computer networks},
  volume={38},
  number={4},
  pages={393--422},
  year={2002},
  publisher={Elsevier}
}

@inproceedings{wark2008,
  title={Springbrook: Challenges in developing a long-term, rainforest wireless sensor network},
  author={Wark, Tim and Hu, Wen and Corke, Peter and Hodge, Jonathan and Keto, Aila and Mackey, Ben and Foley, Glenn and Sikka, Pavan and Brunig, Michael},
  booktitle={Intelligent Sensors, Sensor Networks and Information Processing, 2008. ISSNIP 2008. International Conference on},
  pages={599--604},
  year={2008},
  organization={IEEE}
}

@Misc{		  dgfc,
  title		= {{Danau Girang Field Centre}},
  url		= {http://www.cardiff.ac.uk/biosi/facilities/danaugirangfieldcentre/},
  urldate	= {14th August 2014}
}

@incollection{poveda-villalon2012,
  title={Validating ontologies with oops!},
  author={Poveda-Villal{\'o}n, Mar{\'\i}a and Su{\'a}rez-Figueroa, Mari Carmen and G{\'o}mez-P{\'e}rez, Asunci{\'o}n},
  booktitle={Knowledge Engineering and Knowledge Management},
  pages={267--281},
  year={2012},
  publisher={Springer}
}

@Misc{		  dwc_oboe,
  author	= {SOnet},
  title		= {{Darwin Core and OBOE Representation Examples}},
  url = {https://sonet.ecoinformatics.org/observational-data-use-cases/oboe-representation-examples}
}

@inproceedings{martonosi2003,
  title={Impala: A middleware system for managing autonomic, parallel sensor systems},
  author={Liu, Ting and Martonosi, Margaret},
  booktitle={ACM SIGPLAN Notices},
  volume={38},
  number={10},
  pages={107--118},
  year={2003},
  organization={ACM}
}
@inproceedings{gwilliams2012k,
  title={K-HAS: An Architecture for Using Local and Global Knowledge in Wireless Sensor Networks},
  author={Gwilliams, Christopher and Preece, Alun and Hardisty, Alex and Goossens, Benoit and Ambu, Laurentius N},
  booktitle={The International Conference on Informatics and Applications (ICIA2012)},
  pages={331--341},
  year={2012},
  organization={The Society of Digital Information and Wireless Communication}
}

@book{jimenez-ruiz2008,
  title={Safe and economic re-use of ontologies: A logic-based methodology and tool support},
  author={Jim{\'e}nez-Ruiz, Ernesto and Grau, Bernardo Cuenca and Sattler, Ulrike and Schneider, Thomas and Berlanga, Rafael},
  year={2008},
  publisher={Springer}
}

@inproceedings{wright2009b,
  title={A dynamic infrastructure for interconnecting disparate isr/istar assets (the ita sensor fabric)},
  author={Wright, Joel and Gibson, Christopher and Bergamaschi, Flavio and Marcus, Kelvin and Pressley, Ryan and Verma, Gunjan and Whipps, Gene},
  booktitle={Information Fusion, 2009. FUSION'09. 12th International Conference on},
  pages={1393--1400},
  year={2009},
  organization={IEEE}
}

@Misc{		  fitbit,
  title		= {{Fitbit}},
  url		= {http://www.fitbit.com/uk},
  urldate	= {20th April 2014}
}

@article{wang2008c,
  title={Middleware for wireless sensor networks: A survey},
  author={Wang, Miao-Miao and Cao, Jian-Nong and Li, Jing and Dasi, Sajal K},
  journal={Journal of computer science and technology},
  volume={23},
  number={3},
  pages={305--326},
  year={2008},
  publisher={Springer}
}

@inproceedings{dhawan2007,
  title={Analogy of promising wireless technologies on different frequencies: Bluetooth, wifi, and wimax},
  author={Dhawan, Sanjeev},
  booktitle={Wireless Broadband and Ultra Wideband Communications, 2007. AusWireless 2007. The 2nd International Conference on},
  pages={14--14},
  year={2007},
  organization={IEEE}
}

@inproceedings{demirbas,
  title={INSIGHT: Internet-sensor integration for habitat monitoring},
  author={Demirbas, Murat and Chow, Ken Yian and Wan, Chieh Shyan},
  booktitle={Proceedings of the 2006 International Symposium on on World of Wireless, Mobile and Multimedia Networks},
  pages={553--558},
  year={2006},
  organization={IEEE Computer Society}
}

@inproceedings{nachman2008,
  title={Imote2: Serious computation at the edge},
  author={Nachman, Lama and Huang, Jonathan and Shahabdeen, Junaith and Adler, Robert and Kling, Ralph},
  booktitle={Wireless Communications and Mobile Computing Conference, 2008. IWCMC'08. International},
  pages={1118--1123},
  year={2008},
  organization={IEEE}
}
@article{fernandez-lopez1997,
  title={Methontology: from ontological art towards ontological engineering},
  author={Fern{\'a}ndez-L{\'o}pez, Mariano and G{\'o}mez-P{\'e}rez, Asunci{\'o}n and Juristo, Natalia},
  year={1997},
  publisher={American Asociation for Artificial Intelligence}
}

@Misc{		  waspmote,
  author	= {Libelium},
  keywords	= {2.4ghz,5ghz,802.11,802.11b,802.11g,802.11n,802.11s,802.15.4,868mhz,900mhz,ad
		  hoc,adhoc,bluetooth,cloud,data acquisition,data logger,data
		  mining,distributed,e-health,ehealth,emdebbed systems,energy
		  harvesting,gprs,gps,grid,gsm,ieee 802.15.4,linux,mesh,mesh
		  network,monitor,monitoring,mote,motes,node,pervasive
		  computing,sensor device,smart dust,smart metering,smart
		  water,the internet of things,ubiquity,wifi,wireless data
		  logger,wireless sensor network,wireless sensor
		  networks,wsn,zigbee},
  title		= {{Waspmote - Wireless Sensor Networks 802.15.4 ZigBee Mote
		  - Open Source Sensor Device | Libelium}},
  url		= {http://www.libelium.com/products/waspmote/}
}

@inproceedings{uschold,
  title={Building Ontologies: Towards a Unified Methodology},
  author={Uschold, Mike},
  booktitle={In 16th Annual Conf. of the British Computer Society Specialist Group on Expert Systems},
  year={1996}
}

@article{mcguinness2004,
  title={OWL web ontology language overview},
  author={McGuinness, Deborah L and Van Harmelen, Frank and others},
  journal={W3C recommendation},
  volume={10},
  number={10},
  pages={2004},
  year={2004}
}

@article{werner-allen2006,
  title={Deploying a wireless sensor network on an active volcano},
  author={Werner-Allen, Geoffrey and Lorincz, Konrad and Ruiz, Mario and Marcillo, Omar and Johnson, Jeff and Lees, Jonathan and Welsh, Matt},
  journal={Internet Computing, IEEE},
  volume={10},
  number={2},
  pages={18--25},
  year={2006},
  publisher={IEEE}
}

@inproceedings{vaidya2004,
  title={A wakeup scheme for sensor networks: Achieving balance between energy saving and end-to-end delay},
  author={Yang, Xue and Vaidya, NF},
  booktitle={Real-Time and Embedded Technology and Applications Symposium, 2004. Proceedings. RTAS 2004. 10th IEEE},
  pages={19--26},
  year={2004},
  organization={IEEE}
}

@article{collier2003,
  title={Repast: An extensible framework for agent simulation},
  author={Collier, Nick},
  journal={The University of Chicago's Social Science Research},
  volume={36},
  pages={2003},
  year={2003}
}

@article{probst,
  title={OGC Discussion Paper: Ontology-based Representation of the OGC Observations and Measurements Model},
  author={Probst, Florian and Gordon, Andrew and Dornelas, Ivan},
  journal={Institute for Geoinformatics (ifgi)},
  year={2006}
}

@article{szewczyk2004a,
  title={Habitat monitoring with sensor networks},
  author={Szewczyk, Robert and Osterweil, Eric and Polastre, Joseph and Hamilton, Michael and Mainwaring, Alan and Estrin, Deborah},
  journal={Communications of the ACM},
  volume={47},
  number={6},
  pages={34--40},
  year={2004},
  publisher={ACM}
}

@inproceedings{valente2011,
  title={A middleware framework for the Internet of Things},
  author={Valente, Bruno and Martins, Francisco},
  booktitle={AFIN 2011, The Third International Conference on Advances in Future Internet},
  pages={139--144},
  year={2011}
}

@Misc{		  ifttt,
  title		= {{If This Then That}},
  url		= {https://ifttt.com/myrecipes/personal},
  urldate	= {20th April 2014}
}

@book{uschold1995,
  title={Towards a methodology for building ontologies},
  author={Uschold, Michael and King, Martin},
  year={1995},
  publisher={Citeseer}
}

@inproceedings{figueiredo2009,
  title={Assessing the communication performance of wireless sensor networks in rainforests},
  author={Figueiredo, Carlos MS and Nakamura, Eduardo F and Ribas, Afonso D and de Souza, Thales RB and Barreto, Raimundo S},
  booktitle={Wireless Days (WD), 2009 2nd IFIP},
  pages={1--6},
  year={2009},
  organization={IEEE}
}

@article{compton2012,
  title={The SSN ontology of the W3C semantic sensor network incubator group},
  author={Compton, Michael and Barnaghi, Payam and Bermudez, Luis and Garc{\'\i}A-Castro, Ra{\'u}L and Corcho, Oscar and Cox, Simon and Graybeal, John and Hauswirth, Manfred and Henson, Cory and Herzog, Arthur and others},
  journal={Web Semantics: Science, Services and Agents on the World Wide Web},
  volume={17},
  pages={25--32},
  year={2012},
  publisher={Elsevier}
}

@article{walsh2009,
  title={Drought frequency changes in Sabah and adjacent parts of northern Borneo since the late nineteenth century and possible implications for tropical rain forest dynamics},
  author={Walsh, Rory PD},
  journal={Journal of Tropical Ecology},
  volume={12},
  number={03},
  pages={385--407},
  year={1996},
  publisher={Cambridge Univ Press}
}

@article{document2010,
  title={FOAF vocabulary specification 0.98},
  author={Brickley, Dan and Miller, Libby},
  journal={Namespace Document},
  volume={9},
  year={2012}
}

@article{akyildiz2002a,
  title={A survey on sensor networks},
  author={Akyildiz, Ian F and Su, Weilian and Sankarasubramaniam, Yogesh and Cayirci, Erdal},
  journal={Communications magazine, IEEE},
  volume={40},
  number={8},
  pages={102--114},
  year={2002},
  publisher={IEEE}
}

@Misc{		  proctor2005drools,
  author	= {Proctor, Mark and Neale, M and Lin, P and Frandsen, M},
  title		= {{Drools}},
  url		= {http://www.drools.org},
  urldate	= {April 14th 2014}
}

@article{madin2007,
  title={An ontology for describing and synthesizing ecological observation data},
  author={Madin, Joshua and Bowers, Shawn and Schildhauer, Mark and Krivov, Sergeui and Pennington, Deana and Villa, Ferdinando},
  journal={Ecological informatics},
  volume={2},
  number={3},
  pages={279--296},
  year={2007},
  publisher={Elsevier}
}

@article{otto2006,
  title={System architecture of a wireless body area sensor network for ubiquitous health monitoring},
  author={Otto, Chris and Milenkovic, Aleksandar and Sanders, Corey and Jovanov, Emil},
  journal={Journal of Mobile Multimedia},
  volume={1},
  number={4},
  pages={307--326},
  year={2006}
}

@Misc{		  baskauf2011,
  author	= {Baskauf, Steven J},
  title		= {{Darwin-SW Examples}},
  url		= {https://code.google.com/p/darwin-sw/wiki/Examples},
  urldate	= {12th March 2014},
  year		= {2011}
}

@article{broring2011new,
  title={New generation sensor web enablement},
  author={Br{\"o}ring, Arne and Echterhoff, Johannes and Jirka, Simon and Simonis, Ingo and Everding, Thomas and Stasch, Christoph and Liang, Steve and Lemmens, Rob},
  journal={Sensors},
  volume={11},
  number={3},
  pages={2652--2699},
  year={2011},
  publisher={Molecular Diversity Preservation International}
}

@inproceedings{maurer,
  title={eWatch: a wearable sensor and notification platform},
  author={Maurer, Uwe and Rowe, Anthony and Smailagic, Asim and Siewiorek, Daniel P},
  booktitle={Wearable and Implantable Body Sensor Networks, 2006. BSN 2006. International Workshop on},
  pages={4--pp},
  year={2006},
  organization={IEEE}
}

@article{akkaya2005,
  title={A survey on routing protocols for wireless sensor networks},
  author={Akkaya, Kemal and Younis, Mohamed},
  journal={Ad hoc networks},
  volume={3},
  number={3},
  pages={325--349},
  year={2005},
  publisher={Elsevier}
}

@article{stiglitz1990,
  title={Peer monitoring and credit markets},
  author={Stiglitz, Joseph E},
  journal={The world bank economic review},
  volume={4},
  number={3},
  pages={351--366},
  year={1990},
  publisher={World Bank}
}

@incollection{botts,
  title={OGC sensor web enablement: Overview and high level architecture},
  author={Botts, Mike and Percivall, George and Reed, Carl and Davidson, John},
  booktitle={GeoSensor networks},
  pages={175--190},
  year={2008},
  publisher={Springer}
}

@inproceedings{guo2006,
  title={Animal behaviour understanding using wireless sensor networks},
  author={Guo, Ying and Corke, Peter and Poulton, Geoff and Wark, Tim and Bishop-Hurley, Greg and Swain, Dave},
  booktitle={Local Computer Networks, Proceedings 2006 31st IEEE Conference on},
  pages={607--614},
  year={2006},
  organization={IEEE}
}

@inproceedings{intanagonwiwat2000,
  title={Directed diffusion: a scalable and robust communication paradigm for sensor networks},
  author={Intanagonwiwat, Chalermek and Govindan, Ramesh and Estrin, Deborah},
  booktitle={Proceedings of the 6th annual international conference on Mobile computing and networking},
  pages={56--67},
  year={2000},
  organization={ACM}
}

@Misc{		  gartner2013,
  author	= {Gartner},
  title		= {{Gartner's 2013 Hype Cycle for Emerging Technologies}},
  url		= {http://www.gartner.com/newsroom/id/2575515},
  urldate	= {14th February 2014},
  year		= {2013}
}

@inproceedings{rahman2008,
  title={Study of rain attenuation with diversity of wavelengths propagation transmission in tropical rainforest region},
  author={Rahman, AK and Anuar, MS and Aljunid, SA and Junita, MN and Sahadah, A and Ismail, MN and Naimullah, BS},
  booktitle={Electronic Design, 2008. ICED 2008. International Conference on},
  pages={1--4},
  year={2008},
  organization={IEEE}
}

@inproceedings{ye2001,
  title={A scalable solution to minimum cost forwarding in large sensor networks},
  author={Ye, Fan and Chen, Alvin and Lu, Songwu and Zhang, Lixia},
  booktitle={Computer Communications and Networks, 2001. Proceedings. Tenth International Conference on},
  pages={304--309},
  year={2001},
  organization={IEEE}
}

@inproceedings{manjeshwar2001,
  title={TEEN: a routing protocol for enhanced efficiency in wireless sensor networks},
  author={Manjeshwar, Arati and Agrawal, Dharma P},
  booktitle={Parallel and Distributed Processing Symposium, International},
  volume={3},
  pages={30189a--30189a},
  year={2001},
  organization={IEEE Computer Society}
}

@Misc{		  xively,
  title		= {{Xively}},
  url		= {https://xively.com},
  urldate	= {20th April 2014}
}
@inproceedings{martinez2004,
  title={Glacsweb: a sensor network for hostile environments},
  author={Martinez, Kirk and Ong, Royan and Hart, Jane},
  booktitle={Sensor and Ad Hoc Communications and Networks, 2004. IEEE SECON 2004. 2004 First Annual IEEE Communications Society Conference on},
  pages={81--87},
  year={2004},
  organization={IEEE}
}

@article{yao2002,
  title={The cougar approach to in-network query processing in sensor networks},
  author={Yao, Yong and Gehrke, Johannes},
  journal={ACM Sigmod Record},
  volume={31},
  number={3},
  pages={9--18},
  year={2002},
  publisher={ACM}
}

@inproceedings{janowicz2010,
  title={The Stimulus-Sensor-Observation Ontology Design Pattern and its Integration into the Semantic Sensor Network Ontology.},
  author={Janowicz, Krzysztof and Compton, Michael},
  booktitle={SSN},
  year={2010}
}

@article{dewalt,
  title={Using indigenous knowledge to improve agriculture and natural resource management},
  author={DeWalt, Billie R},
  journal={Human organization},
  volume={53},
  number={2},
  pages={123--131},
  year={1994},
  publisher={SFAA}
}

@article{robin2006,
  title={Creation of Specific SensorML Process Models},
  author={Robin, Alexandre and Botts, Michael E},
  journal={White Paper Earth System Science Center (NSSTC). University of Alabama in Huntsville (UAH)},
  year={2006}
}

@Article{	  dedoose2012web,
  author	= {Dedoose, V},
  journal	= {Los Angeles, CA Sociocult. Res. Consult. LLC},
  title		= {{Web Application for Managing, Analyzing, and Presenting
		  Qualitative and Mixed Method Data}},
  year		= {2012}
}

@inproceedings{kahn,
  title={Next century challenges: mobile networking for “Smart Dust”},
  author={Kahn, Joseph M and Katz, Randy H and Pister, Kristofer SJ},
  booktitle={Proceedings of the 5th annual ACM/IEEE international conference on Mobile computing and networking},
  pages={271--278},
  year={1999},
  organization={ACM}
}

@book{giusto2010internet,
  title={The Internet of Things},
  author={Giusto, Daniel and Lera, Antonio and Morabito, Giacomo and Atzori, Luigi},
  year={2010},
  publisher={Springer}
}

@inproceedings{estrin2001,
  title={Instrumenting the world with wireless sensor networks},
  author={Estrin, Deborah and Girod, Lewis and Pottie, Greg and Srivastava, Mani},
  booktitle={Acoustics, Speech, and Signal Processing, 2001. Proceedings.(ICASSP'01). 2001 IEEE International Conference on},
  volume={4},
  pages={2033--2036},
  year={2001},
  organization={IEEE}
}

@article{resch,
  title={Live geography: Interoperable geo-sensor webs facilitating the vision of digital earth},
  author={Resch, Bernd and Blaschke, Thomas and Mittlboeck, Manfred},
  journal={International Journal on Advances in Networks and Services},
  volume={3},
  number={3 and 4},
  pages={323--332},
  year={2011}
}

@Misc{		  opensense,
  title		= {{Sen.se}},
  url		= {http://open.sen.se/},
  urldate	= {20th April 2014}
}

@article{hadim2006,
  title={Middleware: Middleware challenges and approaches for wireless sensor networks},
  author={Hadim, Salem and Mohamed, Nader},
  journal={IEEE distributed systems online},
  volume={7},
  number={3},
  pages={1},
  year={2006}
}

@inproceedings{rahman,
  title={Middleware for wireless sensor networks: Challenges and Approaches},
  author={Rahman, Md Atiqur},
  booktitle={Seminar on Internetworking, Helsinki University of Technology, Finland},
  volume={124},
  year={2009}
}

@inproceedings{eid2007,
  title={A universal ontology for sensor networks data},
  author={Eid, Mohamad and Liscano, Ramiro and El Saddik, Abdulmotaleb},
  booktitle={Computational Intelligence for Measurement Systems and Applications, 2007. CIMSA 2007. IEEE International Conference on},
  pages={59--62},
  year={2007},
  organization={IEEE}
}

@Misc{		  zsl,
  author	= {ZSL},
  keywords	= {animal,camera,network,wsn},
  mendeley-tags	= {animal,camera,network,wsn},
  title		= {{Instant Wild: Live Wildlife Photographs}},
  url		= {http://www.edgeofexistence.org/instantwild/}
}

@techreport{	  aberer2007,
  title={The Global Sensor Networks middleware for efficient and flexible deployment and interconnection of sensor networks},
  author={Aberer, Karl and Hauswirth, Manfred and Salehi, Ali},
  year={2006}
}
@article{raghunathan2002,
  title={Energy-aware wireless microsensor networks},
  author={Raghunathan, Vijay and Schurgers, Curt and Park, Sung and Srivastava, Mani B},
  journal={Signal Processing Magazine, IEEE},
  volume={19},
  number={2},
  pages={40--50},
  year={2002},
  publisher={IEEE}
}

@article{brank2005,
  title={A survey of ontology evaluation techniques},
  author={Brank, Janez and Grobelnik, Marko and Mladeni{\'c}, Dunja},
  year={2005}
}

 @book{ladislausm.semali,
  title={What is indigenous knowledge?: Voices from the academy},
  author={Semali, Ladislaus M},
  year={1999},
  publisher={Routledge}
}

@article{joshi2001,
  title={Bringing local knowledge into perspective-a case of sustainable technology development in jungle rubber agroforests in Jambi},
  author={Joshi, Laxman},
  year={2001}
}
